3684 5550
391 594 444 651 ddd
797 580 1130 647 GORRWOMOE

391 717 519 781 homme
527 710 582 797 qni
597 710 694 795 prend
707 709 762 775 des
775 707 965 775 resolutione
973 707 1347 783 eelonleeooeurrenoet3
1355 724 1399 770 nu
1409 706 1480 773 lieu
1489 727 1556 793 que

390 812 471 877 Dieu
480 814 651 895 prdvopent
660 808 819 891 etrtglnnt
830 813 934 873 tontes
945 806 1057 872 ehoees
1066 804 1108 871 de
1118 802 1502 886 mutettemutmehoiri
1516 808 1557 873 de

389 909 490 991 prime
507 908 602 974 nbord
613 906 742 973 tontole
754 906 838 971 suite
852 912 885 971 et
898 905 1071 971 oonnenion
1087 903 1304 977 delenirem,
1321 909 1356 966 et
1372 920 1430 985 per
1441 908 1556 969 eome-

390 1010 486 1089 quout
506 1024 571 1071 nou
592 1025 648 1089 pos
668 1023 712 1069 un
726 1003 827 1069 Adam
849 1008 920 1069 tout
940 1002 1066 1087 simple,
1086 1002 1170 1067 mnis
1182 1001 1285 1067 uutel
1299 1000 1415 1076 euru.
1435 1001 1554 1068 doutil

391 1106 551 1189 prtvopeit
564 1103 641 1189 qu’il
651 1104 742 1169 feroit
755 1104 795 1169 de
807 1102 897 1169 telles
909 1104 1021 1169 ehoeee
1035 1108 1068 1167 et
1079 1100 1157 1185 qu’il
1175 1101 1279 1165 euruit
1290 1100 1334 1165 de
1343 1100 1551 1183 toltum,

390 1221 464 1268 sene
483 1222 545 1287 que
564 1207 644 1267 eette
661 1200 847 1284 providente
863 1201 901 1266 de
915 1200 995 1265 Dieu
1012 1198 1115 1282 reples
1128 1200 1169 1264 de
1181 1204 1253 1263 tout
1266 1206 1379 1282 temps
1396 1196 1458 1261 eoit
1470 1214 1548 1263 eon·

391 1300 486 1363 truire
500 1301 519 1366 i
533 1318 569 1364 en
587 1299 708 1364 uberte.
733 1302 777 1363 De
796 1298 870 1381 quoi
892 1302 964 1361 tous
986 1295 1033 1360 lee
1052 1296 1247 1379 meologieus
1269 1297 1300 1379 (l
1312 1295 1346 1360 lu
1367 1298 1493 1360 reservo
1510 1296 1550 1359 de

390 1394 541 1479 quelques
563 1397 723 1462 Soeiniens
737 1395 792 1479 qui
810 1395 1092 1476 conquirentillieu
1110 1394 1205 1459 d'une
1224 1394 1369 1459 muniere
1390 1392 1552 1473 humenis)

390 1494 575 1559 domeurent
595 1495 849 1577 descenditis
866 1494 1025 1557 rn’ttonno
1044 1510 1107 1575 que
1124 1492 1240 1557 l'euvie
1260 1491 1301 1556 de
1323 1500 1461 1556 trouver
1468 1492 1552 1572 jene

390 1592 454 1656 suis
473 1591 548 1675 quoi
561 1592 601 1657 de
618 1593 777 1675 ehoquuut
789 1592 866 1656 dens
885 1608 953 1655 mes
967 1591 1111 1673 penedes,
1124 1588 1201 1653 dont
1213 1588 1246 1652 ln
1259 1587 1456 1671 prevention
1473 1588 1550 1651 emit

390 1688 447 1753 init
461 1694 562 1755 mitre
575 1708 614 1753 eu
628 1708 686 1755 son
700 1689 798 1773 esprit
810 1706 872 1753 nne
885 1687 957 1753 idee
972 1685 1102 1751 eouiuse
1111 1692 1142 1751 et
1152 1685 1218 1750 mul
1231 1686 1374 1769 digerere,
1385 1706 1407 1749 a
1416 1688 1507 1770 porte
1519 1702 1550 1748 oe

389 1791 501 1851 serent
512 1785 640 1852 homme
657 1788 677 1851 t
690 1785 790 1870 parler
804 1788 911 1850 uentre
928 1802 979 1849 ees
992 1801 1119 1869 pmpres
1134 1782 1287 1848 lumieres
1302 1788 1335 1847 et
1347 1783 1547 1847 sentimente.

390 1882 497 1967 ijo
516 1902 557 1949 ne
576 1885 643 1949 suis
665 1902 719 1967 pes
741 1901 827 1947 essee
846 1900 907 1965 peu
931 1880 1089 1964 equiteble
1108 1898 1187 1963 pour
1208 1880 1342 1945 l’imiter
1361 1888 1398 1945 et
1412 1876 1548 1962 pourlui

390 1979 527 2064 imputer
539 1982 570 2047 le
583 1982 695 2064 dogme
709 1981 886 2063 dengereux
897 1978 936 2043 de
947 1997 999 2043 ees
1013 1978 1189 2061 sorinious
1198 1979 1254 2061 qui
1264 1977 1391 2044 detrnit
1401 1977 1437 2041 ln
1448 1994 1550 2041 nonve»

390 2076 476 2142 ruine
490 2080 659 2163 perfeetiou
670 2080 708 2143 de
722 2077 813 2153 Dieu,
825 2076 978 2161 quoiqu'il
990 2075 1111 2141 semble
1122 2094 1255 2160 presque
1265 2078 1319 2161 d’y
1327 2074 1469 2141 inclinet
1477 2075 1548 2139 dnm

388 2174 420 2238 lu
432 2176 560 2243 ehulenr
573 2178 653 2243 dele
666 2177 801 2260 disputo.
817 2178 900 2240 Tont
911 2174 1041 2239 homme
1054 2175 1110 2255 qui
1129 2173 1196 2257 ugit
1212 2180 1382 2258 segemeut
1395 2172 1547 2238 eomiddre

391 2276 492 2337 tontes
504 2273 551 2339 les
569 2274 794 2339 oireonetenoes
810 2278 841 2337 et
856 2270 987 2337 liuisous
1000 2274 1040 2337 de
1058 2271 1091 2335 le
1107 2272 1280 2337 resolution
1297 2272 1381 2355 qn¹il
1395 2271 1507 2356 prend,
1518 2279 1546 2334 et

390 2368 456 2433 telo
469 2370 596 2435 suivant
608 2371 639 2435 le
650 2388 775 2435 mesure
787 2369 826 2433 de
841 2388 876 2433 su
889 2368 1262 2453 eupeoite.lit1)iou,qui
1276 2370 1345 2434 voit
1358 2368 1545 2454 toutputr's

390 2466 510 2531 tument
519 2475 551 2539 et
564 2468 658 2532 d'uue
667 2466 753 2532 seule
767 2484 838 2540 voe,
853 2466 968 2547 peutil
980 2484 1133 2549 munquer
1146 2466 1267 2531 d’evoir
1280 2466 1349 2549 pris
1363 2467 1423 2531 des
1437 2464 1545 2531 resolu-

389 2560 473 2626 tione
484 2563 730 2627 eomormement
748 2563 854 2636 dtout
865 2580 899 2625 oe
911 2561 989 2643 qu’il
1008 2564 1095 2641 voit;
1113 2570 1146 2628 et
1157 2562 1272 2646 pent-il
1284 2563 1380 2628 avoir
1398 2561 1544 2628 ehoisiuu

391 2656 434 2721 tel
446 2660 548 2722 ddum
560 2676 633 2723 suns
647 2657 825 2723 cousiderer
839 2664 870 2723 et
884 2659 1033 2726 resoudre
1043 2661 1130 2726 nueei
1143 2666 1214 2726 tout
1226 2680 1263 2726 oe
1274 2660 1335 2743 qui
1348 2680 1371 2725 n
1384 2663 1424 2726 de
1433 2662 1543 2726 heen-

392 2752 506 2820 nexion
525 2774 599 2822 eveo
613 2754 671 2821 lui.
684 2758 725 2820 ut
738 2775 796 2839 pur
812 2758 1042 2840 consequenti
1057 2766 1106 2824 est
1121 2758 1253 2823 ridicule
1262 2757 1303 2823 de
1314 2756 1388 2823 dire
1401 2764 1545 2842 querere

392 2850 562 2918 resolution
572 2853 651 2919 libre
658 2853 697 2918 de
706 2853 785 2918 Dieu
800 2852 846 2918 lui
856 2855 906 2918 ote
916 2853 1082 2920 muneret.
1097 2860 1298 2937 Autrement,
1310 2874 1397 2938 pour
1407 2859 1547 2921 ttreton·

387 2948 477 3029 J'oure
502 2950 581 3016 libre
609 2952 634 3016 il
656 2951 796 3017 faudrait
817 2953 881 3015 dtre
903 2953 1045 3034 toujours
1066 2950 1210 3017 irresolu.
1231 2951 1326 3018 voilt
1345 2971 1402 3016 ees
1424 2957 1546 3035 penedes

392 3045 584 3130 ohoquentes
607 3049 684 3114 dnus
702 3047 931 3128 l’imugiuetiou
954 3049 993 3114 de
1010 3051 1052 3116 M.
1074 3050 1213 3114 Arnund
1231 3053 1320 3114 Nous
1338 3067 1474 3114 verrons
1489 3050 1546 3114 rii

391 3142 534 3210 iores-de
554 3144 824 3231 eonsequentesil
849 3163 888 3210 eu
911 3163 1025 3228 pourre
1049 3147 1117 3212 oter
1138 3145 1274 3229 quelque
1299 3146 1400 3212 those
1421 3147 1464 3211 de
1483 3147 1548 3229 pos

392 3242 548 3308 muuvnis.

430 3339 651 3423 dependentia
664 3341 734 3422 plus
748 3342 938 3424 importante
949 3339 1097 3404 reflexion
1109 3343 1211 3424 queje
1221 3341 1282 3406 inis
1290 3341 1467 3425 lideesus,
1475 3342 1545 3408 e’eot

391 3452 452 3516 que
467 3434 629 3498 tui-meme
652 3438 799 3501 autrefois
816 3438 927 3503 eterit
943 3441 1174 3522 expresstment
1186 3441 1206 3504 l
1217 3439 1256 3505 t.
1272 3442 1313 3504 Α.
1328 3443 1380 3523 S„
1396 3457 1458 3524 que
1474 3454 1548 3521 pour

328 3585 333 3597 .
392 3530 446 3594 des
456 3529 599 3613 opinions
613 3533 652 3596 de
663 3534 909 3618 philosophieon
918 3555 959 3602 ue
969 3537 1061 3602 foruit
1073 3537 1162 3620 point
1170 3536 1209 3602 de
1221 3538 1550 3620 guerreiunhornme

392 3626 446 3710 qui
460 3626 556 3692 seruit
569 3626 724 3694 denslenr
734 3620 838 3712 ugus
856 3651 898 3698 ou
911 3634 967 3716 qui
981 3653 1021 3700 ou
1034 3635 1181 3700 roudreit
1200 3637 1278 3717 etro,
1289 3643 1323 3700 et
1339 3636 1371 3700 le
1388 3633 1469 3698 rolli
1484 3633 1550 3698 lni-

392 3725 497 3789 mtme
509 3725 714 3804 meiuteuent
732 3729 787 3814 qui
801 3729 943 3796 oublieut
954 3751 991 3797 su
1004 3731 1209 3807 moderetiou,
1223 3751 1258 3798 se
1273 3733 1424 3799 dechelue
1433 3749 1494 3797 eur
1506 3751 1548 3796 un

392 3819 471 3886 risu.
486 3822 513 3888 l]
528 3829 576 3890 est
595 3824 674 3890 done
697 3825 873 3909 dungereux
886 3829 926 3894 de
940 3847 976 3893 se
989 3837 1172 3896 oommettre
1190 3849 1266 3896 over
1284 3850 1339 3896 ees
1360 3829 1501 3914 muru,
1519 3839 1549 3893 et

392 3919 429 3984 V.
445 3922 482 3986 Α.
496 3922 528 3986 S.
544 3922 611 3986 voit
630 3923 773 3989 eomhieu
787 3943 828 3989 on
844 3925 911 3992 doit
927 3925 1062 4009 prendre
1072 3925 1128 3992 des
1145 3945 1299 3994 moseres.
1314 3928 1414 3992 Ausei
1428 3928 1548 3992 tteitee

391 4033 454 4080 une
470 4016 525 4082 des
545 4020 665 4084 misens
681 4041 741 4105 que
754 4022 811 4106 j’ei
834 4041 892 4089 ene
911 4023 952 4089 de
971 4023 1048 4088 inire
1072 4025 1311 4109 eommuniquer
1329 4045 1384 4092 ees
1404 4025 1547 4090 mosset

390 4114 432 4180 Μ.
449 4119 597 4203 monuo,
620 4123 723 4202 saveir
737 4143 816 4208 pour
829 4123 859 4188 le
873 4123 987 4190 souder
997 4143 1043 4189 un
1054 4144 1117 4210 pen
1128 4132 1161 4191 et
1170 4143 1249 4210 pour
1266 4125 1338 4209 roir
1352 4121 1544 4190 oommentil

391 4228 426 4274 se
440 4219 675 4298 oomportereit;
696 4222 777 4287 mei's
794 4231 882 4305 canpe
900 4231 1011 4285 montes
1028 4231 1060 4286 et
1076 4223 1281 4305 semipedum.
1295 4222 1443 4288 Anesitdt
1455 4221 1546 4306 qu'on

392 4307 520 4374 s'toarte
537 4317 639 4379 tentet
655 4335 716 4400 peu
730 4319 773 4382 du
787 4319 959 4384 sentiment
969 4318 1009 4383 de
1022 4318 1171 4403 quelques
1188 4319 1347 4402 dmteurm
1358 4320 1402 4383 ils
1415 4317 1547 4384 ermen

393 4425 433 4472 eu
442 4405 567 4472 ioudres
576 4419 607 4474 et
620 4429 659 4476 en
672 4423 845 4484 tonnerree.
861 4419 898 4482 te
911 4417 1076 4482 eroiehien
1089 4417 1193 4500 quele
1204 4415 1319 4484 monde
1331 4417 1483 4482 deseruit
1492 4433 1545 4499 pu

392 4506 431 4572 de
443 4524 502 4574 oon
515 4508 703 4594 sentiment,
722 4517 802 4584 mnis
818 4517 842 4584 il
857 4522 905 4585 est
920 4517 1063 4601 toujoure
1078 4515 1142 4584 ton
1160 4517 1257 4583 d'ttr'e
1277 4535 1334 4582 sur
1349 4533 1402 4581 eeu
1420 4513 1543 4597 gurdu-
