3684 5550
578 634 1076 699 ornnnrnrrouuusonn.
1117 706 1122 719 ,
1351 642 1400 701 ru

254 774 285 833 et
303 766 341 835 ds
363 782 421 833 ron
444 766 557 831 estimo
580 764 656 831 dont
674 766 710 848 Je
730 764 777 829 lui
798 764 866 829 ruis
886 764 961 831 bien
986 763 1105 847 surige
1128 764 1209 830 mnis
1219 766 1255 848 je
1269 782 1320 829 me
1337 766 1404 832 suls

252 868 359 932 trouve
377 866 405 931 si
420 868 534 950 ooenpl
554 863 666 949 depuis
679 883 715 929 ee
728 862 891 947 temps-ll,
909 880 971 947 qne
981 863 1015 945 je
1027 860 1092 926 n'ei
1112 882 1156 947 pu
1174 862 1233 929 lire
1251 882 1309 928 son
1329 864 1407 929 eorlt

252 982 312 1049 pne
333 962 443 1047 depuis
464 963 541 1028 trois
557 963 658 1046 jours.
674 964 716 1026 nt
730 963 764 1045 jo
776 961 844 1025 suis
866 962 1099 1045 presentement
1111 960 1139 1024 si
1153 961 1318 1038 enrhumt,
1345 982 1406 1045 qne

251 1068 320 1127 tout
337 1080 372 1127 oe
386 1064 488 1145 queje
501 1061 573 1145 puis
586 1060 678 1142 loire,
693 1066 741 1123 est
755 1057 794 1123 de
808 1058 874 1123 (lire
889 1076 929 1122 en
940 1057 1021 1122 deux
1043 1064 1127 1123 mots
1137 1059 1157 1121 l
1169 1060 1210 1122 V.
1224 1064 1280 1142 A.,
1302 1078 1362 1143 que
1371 1062 1405 1145 je

252 1166 359 1229 trouve
380 1158 459 1223 dnus
481 1176 532 1222 nes
555 1158 684 1240 pensies
708 1162 777 1220 tent
793 1154 833 1219 de
853 1154 966 1219 ohoses
987 1154 1043 1238 qni
1063 1155 1270 1240 noluerent,
1293 1164 1404 1241 etque

250 1275 381 1340 presque
401 1262 473 1319 tous
489 1252 536 1318 les
550 1255 708 1335 hommes,
722 1251 795 1336 sije
809 1272 849 1317 ne
865 1270 917 1317 me
939 1260 1072 1336 trompe,
1093 1261 1275 1319 trouveront
1288 1255 1317 1318 si
1330 1255 1406 1321 oho-

250 1360 396 1435 qunntes‚
408 1369 468 1435 que
477 1351 512 1434 je
525 1368 565 1414 ne
579 1348 648 1416 vois
661 1366 717 1433 pes
730 1349 769 1415 de
786 1349 889 1433 quelle
907 1346 1011 1413 utilite
1033 1350 1174 1431 pourruit
1191 1354 1257 1416 ltro
1270 1370 1315 1415 uu
1328 1349 1406 1415 ecrit

248 1450 305 1533 qui
331 1454 564 1531 appuremment
586 1466 655 1513 reru
675 1447 771 1530 rejete
789 1446 829 1512 de
843 1444 955 1511 tontle
968 1445 1094 1511 mondo.
1117 1446 1155 1510 le
1172 1447 1405 1513 n’endonneroi

247 1565 308 1631 pur
322 1545 459 1629 exemplo
477 1564 538 1629 qus
550 1563 588 1611 oe
601 1544 678 1630 qu’il
691 1562 731 1609 en
744 1544 791 1609 dit
805 1564 844 1609 en
854 1542 937 1611 l’ert.
952 1547 1002 1611 13.
1021 1545 1113 1619 «Qus
1126 1543 1158 1609 ln
1167 1544 1276 1608 notion
1289 1545 1407 1611 indivi-

247 1642 352 1710 duelle
365 1644 403 1709 de
417 1644 537 1727 oheque
550 1662 704 1728 personne
722 1644 860 1709 enlerrne
878 1660 942 1707 une
955 1641 1016 1707 lois
1029 1660 1110 1726 pour
1122 1648 1226 1707 tontes
1241 1662 1277 1706 ee
1292 1645 1348 1726 qni
1359 1644 1407 1710 lui

248 1743 418 1808 universi
429 1743 559 1826 jamnis,
572 1765 588 1805 r
603 1747 663 1807 ete.
676 1742 710 1807 Si
723 1741 789 1807 nolu
801 1748 859 1817 est,
873 1740 953 1805 Dieu
967 1742 1046 1805 nete
1059 1739 1140 1805 libre
1150 1740 1190 1804 de
1203 1742 1289 1804 oreer
1301 1744 1354 1820 (ou
1367 1741 1407 1805 de

248 1858 289 1905 ne
303 1857 359 1923 pus
372 1842 457 1905 orter
468 1840 588 1917 Adsm3
606 1840 685 1905 mois
700 1845 870 1923 supposunt
887 1837 964 1923 qu’il
976 1838 1045 1903 l’uit
1056 1837 1152 1903 voulu
1165 1840 1273 1920 orior),
1289 1844 1359 1902 tout
1372 1858 1407 1904 oe

246 1936 303 2021 qui
319 1942 368 2003 est
380 1935 490 2019 depuis
507 1938 609 2003 arrivs
621 1955 764 2019 nugenre
776 1936 920 2016 humeln,
936 1943 969 2000 et
979 1935 1090 2020 quilui
1106 1935 1407 2018 urrivereljamuis,

245 2053 265 2099 u
278 2032 324 2099 du
339 2040 371 2097 et
386 2032 451 2098 doit
466 2034 582 2099 urrirer
598 2052 654 2117 pur
667 2052 729 2099 nne
741 2034 893 2102 nenessitl
911 2031 982 2119 plus
995 2052 1058 2117 (pro
1073 2032 1178 2098 lutnle.
1189 2034 1246 2097 Cur
1257 2031 1289 2097 lu
1298 2032 1406 2097 notion

243 2128 453 2195 individnelle
466 2130 597 2195 dudam
609 2152 630 2197 u
642 2133 779 2198 enlerme
793 2131 869 2217 qn’il
883 2131 985 2197 nurnit
996 2139 1065 2197 tunt
1079 2131 1248 2212 d’enlsuts,
1261 2139 1292 2195 et
1304 2132 1337 2195 le
1348 2149 1407 2193 no·

243 2226 316 2291 tion
334 2226 538 2293 individuelle
552 2228 591 2292 ds
605 2228 725 2295 ohuoun
739 2229 777 2294 de
792 2249 843 2295 oes
856 2231 979 2295 enlnnts
993 2237 1063 2295 tout
1074 2249 1110 2295 ee
1123 2229 1216 2313 qn’ils
1229 2228 1362 2294 lernient
1374 2235 1407 2293 et

244 2330 320 2389 tons
332 2321 379 2389 les
394 2324 517 2389 enients
535 2326 626 2409 qu’ils
642 2328 806 2393 sursiem:
824 2335 856 2393 et
866 2327 950 2392 ainsi
963 2326 1002 2392 de
1015 2328 1110 2392 suite.
1125 2326 1246 2410 lln’ys
1258 2326 1338 2391 dono
1350 2346 1406 2409 pes

242 2420 318 2505 plus
332 2421 372 2485 de
381 2421 491 2487 liberte
506 2442 546 2487 en
557 2423 636 2488 Dion
645 2424 788 2507 ll'egnnl
802 2425 841 2489 de
850 2432 920 2491 tout
932 2424 1012 2506 cele,
1020 2428 1154 2511 suppose
1167 2423 1245 2509 qu'il
1257 2426 1301 2489 nit
1311 2423 1407 2488 roulu

243 2522 335 2586 oreer
346 2522 458 2603 eorm,
474 2541 534 2605 que
548 2522 587 2587 de
600 2524 764 2607 pretendre
778 2522 856 2607 qu’il
869 2542 888 2586 e
900 2525 951 2589 stt
963 2523 1043 2589 libre
1052 2525 1071 2588 l
1081 2524 1175 2606 Dion,
1184 2542 1225 2587 en
1235 2528 1406 2606 suppossnt

241 2616 324 2703 qu'il
337 2620 399 2685 m’s
409 2620 506 2685 voulu
519 2622 615 2696 enter,
626 2620 715 2686 dene
730 2621 818 2704 point
829 2623 916 2686 oreer
924 2621 965 2686 de
973 2628 1084 2687 neture
1097 2620 1224 2706 republe
1232 2622 1271 2686 de
1281 2639 1402 2703 pensor.

240 2714 336 2782 lene
349 2716 416 2781 suis
430 2717 518 2800 point
532 2737 570 2782 en
581 2720 645 2782 etet
659 2718 817 2784 d’etendre
830 2718 897 2784 eele
907 2718 1099 2802 dormtum
1120 2718 1251 2785 moisll.
1263 2718 1404 2784 Leihniu

240 2813 442 2878 m’entendre
455 2813 538 2896 bien,
550 2821 581 2878 et
592 2817 743 2896 pentetre
754 2815 831 2897 qu’il
844 2834 885 2880 ne
894 2822 1004 2880 trouve
1013 2835 1068 2898 pus
1081 2816 1334 2880 d’inoonvenient
1343 2818 1363 2878 l
1373 2815 1405 2879 ln

238 2912 461 2992 consequence
483 2929 543 2994 qne
561 2911 595 2992 je
614 2911 684 2975 tiro.
709 2911 788 2976 Meis
813 2911 864 2974 s’il
884 2912 957 2975 n’en
977 2919 1087 2975 trouve
1108 2911 1214 2994 pns‚il
1231 2914 1348 2993 esujet
1366 2911 1405 2976 de

237 3005 390 3074 ornindre
401 3004 479 3088 qn'il
494 3024 534 3070 ue
544 3005 796 3070 soitsonldeson
810 3007 992 3072 sentiment.
1007 3010 1049 3070 Et
1062 3007 1090 3071 si
1096 3007 1131 3088 je
1140 3026 1192 3072 mo
1201 3008 1351 3089 trompnis
1365 3025 1405 3070 eu

237 3103 324 3176 cels,
337 3103 373 3186 je
390 3103 419 3166 le
433 3102 603 3186 pleindrnis
623 3122 733 3168 enoore
754 3102 939 3184 devantsge.
966 3103 1046 3168 Meis
1057 3106 1091 3186 je
1104 3123 1145 3168 ne
1164 3104 1236 3188 puis
1255 3105 1405 3186 m’empl·

237 3203 323 3270 oher
337 3200 377 3266 de
388 3201 562 3283 temoigner
574 3203 642 3266 Π.
657 3204 695 3268 Α.
710 3219 763 3266 mo
775 3201 920 3283 douleur,
931 3200 971 3266 de
981 3220 1017 3266 oe
1027 3201 1103 3284 qu'il
1117 3201 1236 3266 semble
1255 3221 1317 3284 que
1330 3201 1406 3266 e’est

235 3299 392 3364 l’uttsehe
405 3297 482 3384 qu’il
495 3319 514 3364 s
525 3301 605 3364 loss
618 3299 818 3384 opinions-ll,
832 3299 1016 3384 qu’ilnhien
1030 3319 1085 3364 eru
1099 3302 1193 3384 qu’on
1201 3299 1304 3364 sursit
1314 3299 1404 3382 peine

237 3396 406 3463 tsouttrir
423 3395 500 3462 dens
518 3397 638 3479 l’eglise
658 3397 847 3482 eutholiqne,
860 3397 916 3481 qni
935 3397 1108 3482 l'ernpeoho
1120 3399 1173 3481 ‹l’y
1185 3405 1302 3479 sotter,
1314 3397 1405 3481 quoi·

237 3515 322 3580 qne,
337 3493 409 3576 sije
422 3495 505 3560 m’en
529 3493 676 3562 souviens
695 3495 785 3579 bien,
806 3499 844 3562 V.
860 3499 898 3561 A.
915 3496 993 3562 l'eut
1014 3495 1116 3578 obligo
1135 3495 1175 3560 (le
1197 3500 1401 3571 reeonnnltre,

237 3593 342 3678 qu'on
364 3611 404 3657 ne
424 3599 500 3678 peut
521 3594 632 3660 deuter
653 3593 938 3660 reisonnublement
950 3613 1011 3677 qne
1024 3613 1061 3660 oe
1074 3613 1115 3658 ne
1128 3595 1191 3660 soit
1207 3593 1238 3659 lu
1252 3593 1402 3658 veritnble

236 3691 354 3776 Eglise
366 3701 388 3756 ¹.
409 3694 453 3756 Ne
467 3693 649 3758 voudrsit-il
662 3713 718 3777 pus
738 3695 844 3760 mieux
856 3693 934 3778 qn’il
951 3693 1062 3760 luisslt
1072 3693 1105 3758 ll
1122 3712 1174 3758 ees
1193 3693 1402 3775 speculatione

236 3786 502 3870 metaphysiqnes
517 3791 572 3874 qni
585 3808 625 3855 ne
640 3800 777 3878 peurent
790 3795 855 3854 etre
868 3790 1020 3854 d’euoune
1034 3789 1139 3852 utilite
1151 3789 1186 3850 ni
1199 3790 1218 3851 t
1230 3786 1276 3849 lui
1290 3787 1324 3848 ni
1338 3805 1399 3850 nux

236 3893 365 3956 autres,
380 3900 459 3964 pour
474 3886 659 3968 s’eppliqner
677 3888 903 3951 seriousomsnt
918 3884 978 3950 lle
991 3883 1062 3967 plus
1074 3882 1191 3966 grande
1204 3883 1310 3946 etiaim
1322 3882 1399 3964 qu'il

235 3983 356 4070 puisse
375 3980 490 4063 jamnis
513 3982 612 4056 avoir,
628 3983 683 4064 qui
698 3989 746 4046 est
761 3982 916 4046 d'nsrurer
935 4001 993 4047 son
1009 3982 1092 4048 solut
1106 4000 1146 4047 en
1162 3987 1303 4046 rentrnnt
1321 3980 1398 4044 duos

234 4072 387 4164 l'Eglise,
407 4076 484 4142 dont
501 4076 548 4142 les
563 4077 723 4144 nouvelles
736 4087 836 4144 sentes
850 4079 938 4143 n’ont
952 4096 996 4161 pu
1009 4079 1102 4144 sortir
1114 4076 1209 4160 qu'en
1220 4095 1255 4140 ee
1266 4076 1398 4141 rendunt

236 4175 553 4260 schismatiqueslle
562 4174 745 4261 lushierpor
751 4181 912 4242 renoontre
921 4174 1082 4241 unslettre
1091 4174 1395 4258 desniutAugustin‚

236 4282 284 4344 on
297 4275 442 4340 ilrtsout
456 4274 593 4340 diverses
608 4274 769 4358 questions
787 4273 925 4358 qu'srnit
947 4277 1111 4359 proposees
1126 4293 1171 4338 un
1181 4291 1280 4358 peyen
1291 4273 1346 4356 qui
1355 4277 1400 4337 te·

237 4374 406 4456 moigneit
420 4393 454 4438 se
464 4373 585 4439 vouloir
597 4371 673 4440 loire
683 4373 841 4452 ehrttien,
859 4371 1004 4457 maioqui
1013 4371 1150 4437 dilllruit
1166 4373 1306 4454 toujours
1315 4370 1353 4434 de
1364 4371 1395 4436 le

236 4475 338 4542 seire.
355 4473 396 4538 Et
408 4471 607 4549 unselein,
617 4491 652 4538 oe
664 4468 1399 4558 qu'onpourroiteppliquerlnotreemi:usunt

279 4623 327 4696 (t)
344 4625 453 4685 lubun
466 4629 547 4684 umis
558 4641 709 4698 sununs:
722 4647 737 4680 ι
751 4621 1306 4694 Jen'ettensirspprourtosreutirnent.
1326 4635 1343 4672 s
