3684 5550
454 550 507 606 452
777 545 971 605 nooi'ntux
990 544 1121 603 Essors.
1141 544 1210 602 LIV.
1229 544 1275 601 ii.

598 712 688 765 Cuivis
702 718 791 778 potest
804 712 934 773 occidero,
950 710 1021 778 qnod
1034 710 1158 775 cuiquam
1171 714 1269 776 potest,

404 874 407 881 ¹
456 892 572 983 (qu’on
586 887 743 982 pourrait
763 887 937 979 exprimor
952 882 1054 965 ainsi,
1071 882 1224 974 quoique
1235 879 1352 949 moins
1367 880 1546 970 joliment:
1563 905 1593 951 o:-

455 998 517 1091 qui
532 1002 615 1090 pent
628 994 758 1066 arrirer
778 992 899 1074 il’un,
922 998 1007 1083 peni
1027 988 1159 1060 urrirer
1178 989 1380 1077 16116666),
1395 1010 1438 1059 ne
1458 988 1518 1058 tait
1536 1013 1594 1081 que

453 1126 541 1174 nous
552 1100 635 1171 faire
649 1098 810 1170 sourenir
823 1099 866 1168 de
878 1098 911 1167 la
925 1095 1105 1166 condition
1121 1094 1309 1164 humaine:
1325 1094 1428 1177 Quod
1436 1096 1526 1162 ni'lril
1533 1097 1594 1162 hu·

452 1210 547 1279 moni
561 1208 686 1276 duobis
701 1207 849 1274 oliorum
863 1217 986 1296 putore
998 1202 1164 1271 dedemus.
1182 1201 1279 1272 Cotto
1302 1202 1400 1294 rogte
1414 1204 1471 1273 des
1488 1201 1596 1293 juris·

450 1316 643 1386 consultos:
662 1313 721 1405 qui
735 1314 816 1403 jure
836 1335 896 1380 suo
915 1312 1036 1392 retitur,
1055 1310 1183 1379 nemini
1201 1310 1288 1399 socii
1310 1309 1477 1400 injurium
1496 1308 1595 1398 (cetui

450 1424 511 1515 qui
528 1442 587 1491 uso
608 1421 650 1490 de
664 1440 725 1488 son
739 1419 832 1489 droit
846 1438 888 1487 ne
909 1418 973 1487 fait
986 1422 1057 1487 tort
1072 1416 1310 1508 iffpersonne)‚
1332 1420 1453 1508 paruit
1468 1414 1593 1484 trisoio.

447 1528 648 1620 Cependant
659 1527 721 1596 6116
736 1546 814 1595 ann
825 1546 931 1616 usage
942 1524 1011 1593 fort
1025 1524 1095 1593 bon
1110 1543 1154 1592 en
1166 1522 1339 1593 eortuines
1352 1530 1556 1593 roncontres
1566 1534 1593 1590 et

445 1636 508 1705 soit
523 1654 647 1727 pensor
658 1632 849 1723 justoment
871 1634 892 1699 o
911 1651 950 1700 66
973 1629 1058 1721 qu’il
1082 1629 1169 1699 taut.
1192 1628 1335 1699 Comme
1356 1630 1387 1698 si
1410 1629 1591 1721 qnolqn'un

446 1740 602 1811 haussait
616 1762 653 1808 sa
666 1738 813 1819 maison,
832 1741 957 1807 nutant
971 1736 1057 1829 qu’il
1070 1742 1123 1806 661
1135 1736 1265 1828 permis
1277 1758 1344 1828 par
1355 1736 1409 1807 166
1423 1742 1552 1806 statuis
1564 1750 1589 1807 et

431 1841 646 1929 ‘usanoeset
658 1843 806 1938 qu'oinsi
817 1844 842 1912 il
853 1842 941 1914 dioit
949 1844 1098 1936 quelque
1109 1846 1281 1912 ruoison
1292 1843 1428 1926 roisin,
1448 1864 1592 1936 onpafo

445 1955 512 2024 rait
526 1974 565 2023 co
577 1952 688 2022 voisin
703 1950 846 2021 d'abord
869 1950 912 2020 de
927 1956 1017 2021 66116
1032 1952 1144 2019 mdme
1158 1949 1251 2040 rdgio
1272 1949 1317 2019 de
1340 1948 1455 2030 droit,
1473 1950 1526 2019 s'it
1538 1949 1589 2018 s’a·

443 2061 544 2130 visoit
555 2060 598 2129 de
612 2080 648 2128 66
662 2057 832 2150 plaindre.
846 2056 898 2125 Au
917 2062 1019 2138 roste,
1036 2057 1085 2126 166
1098 2054 1335 2147 propositions
1351 2056 1398 2125 de
1410 2056 1492 2137 tait,
1505 2056 1588 2125 ouis

443 2165 677 2258 exporionoes,
693 2183 826 2233 comme
841 2162 926 2231 66116
936 2161 997 2254 qui
1006 2162 1060 2231 dit
1074 2182 1143 2254 que
1153 2159 1299 2253 i’opium
1309 2168 1364 2230 661
1378 2162 1583 2252 narootiqne.

443 2294 531 2342 nous
542 2275 682 2341 monent
695 2270 774 2361 pius
787 2268 859 2338 loin
871 2288 940 2360 que
950 2268 999 2337 166
1016 2268 1143 2337 vdritds
1162 2268 1205 2337 de
1227 2268 1261 2337 la
1281 2289 1373 2358 pure
1388 2269 1522 2348 raison,
1536 2268 1584 2357 qui

445 2398 488 2447 ne
500 2398 588 2445 nous
601 2378 751 2467 punient
759 2374 885 2465 jamnis
899 2373 985 2443 faire
998 2374 1083 2444 alter
1097 2396 1143 2445 ou
1164 2373 1240 2444 delo
1252 2373 1297 2444 do
1310 2394 1352 2443 oe
1365 2374 1434 2466 qui
1449 2374 1585 2445 6611666
1618 2391 1619 2448 i

445 2503 507 2551 nos
522 2482 614 2550 iddes
625 2480 818 2551 distinctos.
833 2481 926 2549 Pour
939 2502 977 2550 66
991 2480 1052 2572 qni
1065 2486 1118 2551 ost
1128 2482 1172 2550 de
1183 2486 1273 2550 66116
1285 2482 1585 2573 propositionqw

444 2592 520 2656 tout
533 2588 701 2657 hommes
713 2606 781 2656 une
796 2584 915 2656 notion
927 2585 1080 2668 (1611166,
1094 2585 1159 2657 6116
1167 2591 1220 2656 est
1230 2586 1274 2655 de
1284 2586 1320 2655 la
1332 2588 1472 2669 raison,
1485 2582 1582 2678 quarti

381 2723 386 2731 ·
445 2694 564 2764 notion
577 2694 715 2787 siguifie
730 2692 815 2762 idde.
833 2692 898 2762 Car
916 2693 1016 2764 l’idoe
1037 2694 1081 2763 de
1095 2693 1193 2776 Dion,
1207 2693 1303 2763 soion
1320 2694 1408 2777 moi,
1427 2690 1583 2763 66116661·
1618 2691 1620 2742 Ι

442 2801 528 2872 dans
542 2809 619 2872 tous
634 2802 682 2872 166
697 2803 850 2872 hommes
863 2823 871 2882 ;
889 2802 977 2871 mais
997 2802 1026 2871 si
1043 2807 1133 2872 66116
1148 2800 1269 2871 notion
1286 2802 1433 2893 signiiie
1446 2798 1584 2871 unedo

441 2908 952 3001 611666611666616611661661,
968 2910 1136 2979 o’ostune
1153 2908 1374 3001 proposition
1399 2910 1447 2978 de
1466 2907 1523 2976 tait
1534 2903 1583 2995 qni

353 3073 365 3081 .
434 3016 575 3139 Qd
590 3017 632 3086 de
646 3014 871 3084 l’histoiredu
885 3035 993 3105 genre
1007 3013 1166 3096 bomaio,
1187 3014 1204 3105 §
1219 3014 1253 3083 1.
1268 3013 1379 3082 Entin
1402 3013 1482 3084 diro
1493 3009 1584 3102 qo‘un
