3684 5550
588 605 634 665 DE
650 606 787 665 tererlz
805 606 850 663 El*
870 604 1079 667 o’nltrtoulo.
1364 617 1413 673 orl

267 733 352 797 ferer
371 729 496 797 l’utilite
514 730 662 815 publiqne
682 732 747 814 (qui
771 730 949 795 s’interesee
964 739 1034 796 tout
1046 738 1222 799 entrement
1238 737 1315 800 dans
1327 737 1418 802 l'em-

269 831 333 913 ploi
346 830 386 895 de
404 837 491 895 votre
513 832 625 913 tempe)
645 832 664 893 1
686 847 761 893 mon
786 836 937 910 uventege
952 830 1145 912 perticulier,
1164 834 1219 913 qui
1237 853 1310 898 sens
1325 835 1419 901 doute

269 930 324 1011 n'y
338 930 433 993 seruit
449 947 503 1010 pse
521 927 610 1011 petit.
627 929 695 992 J’en
718 928 748 990 ni
763 926 833 1010 dejb
855 928 912 991 leit
929 927 1033 991 l’essui
1052 948 1107 991 sur
1121 934 1207 993 rotre
1219 931 1323 1014 lettre,
1336 942 1369 997 et
1384 937 1419 1016 J‘e

264 1026 334 1088 sais
348 1044 432 1091 assez
443 1024 518 1107 qu’il
531 1027 583 1107 n’y
596 1045 615 1087 a
627 1027 722 1106 gnere
736 1024 774 1087 de
790 1043 943 1109 personne
955 1044 996 1088 en
1005 1027 1118 1089 monde
1129 1028 1184 1109 qui
1196 1029 1302 1109 puisse
1313 1032 1419 1097 mieux

269 1126 412 1203 penetrer
425 1124 503 1187 dens
516 1123 688 1187 l'interieur
706 1122 760 1185 des
775 1122 933 1197 mlieres,
949 1129 982 1186 et
998 1123 1053 1205 qui
1065 1124 1171 1205 puisse
1185 1128 1334 1209 repandre
1348 1130 1419 1213 plus

269 1221 309 1284 de
322 1220 470 1285 lumieres
489 1240 544 1285 sur
557 1240 601 1284 un
613 1224 697 1303 sujet
710 1221 889 1285 tenebreux.

310 1316 1225 1413 leneperlequ'uveopeinedelemorieredontvousm’avez
1236 1323 1418 1390 voululaire

260 1414 396 1497 justine,
408 1416 576 1491 Monsieur,
590 1412 715 1498 lorsque
724 1417 758 1498 Je
771 1413 953 1477 demendais
966 1412 1207 1498 seulementqne
1220 1435 1297 1482 vous
1308 1438 1358 1483 me
1370 1420 1420 1485 fle

260 1512 332 1575 :sien
346 1516 450 1592 grese3
468 1512 526 1576 elle
540 1532 590 1577 me
610 1511 730 1576 comble
744 1510 783 1575 de
797 1509 971 1584 confusion,
995 1515 1026 1573 et
1038 1510 1104 1591 j’en
1119 1510 1167 1573 dis
1181 1514 1356 1579 seulement
1368 1536 1419 1581 ees

266 1616 366 1690 mets,
388 1628 466 1691 pour
475 1628 552 1673 vous
564 1611 736 1691 temoigner
747 1608 888 1673 eombien
900 1609 935 1689 je
948 1606 1015 1669 suis
1025 1606 1189 1671 sensiblee
1200 1617 1280 1674 oette
1290 1614 1420 1691 genero-

263 1708 342 1787 site‚
354 1708 408 1789 qui
420 1706 482 1769 m’o
505 1707 565 1771 fort
578 1706 682 1788 edile,
696 1706 836 1771 d'eutent
849 1705 919 1789 plus
933 1705 1044 1787 qu'elle
1063 1713 1112 1769 est
1125 1724 1204 1781 rere,
1224 1714 1256 1770 et
1270 1707 1339 1790 plus
1358 1727 1420 1790 que

268 1823 338 1867 rore
351 1806 428 1867 dens
438 1824 482 1869 uu
493 1804 587 1887 esprit
595 1804 637 1867 du
645 1805 779 1886 premier
788 1804 890 1882 ordre,
905 1821 966 1886 que
977 1822 1014 1865 su
1025 1804 1202 1884 reputation
1214 1814 1279 1869 met
1287 1806 1421 1869 ordinai-

266 1907 392 1964 rement
403 1904 567 1976 brouvert
583 1901 831 1965 nonseulement
842 1901 885 1963 du
895 1901 1060 1981 jugement
1068 1899 1217 1983 d'autrui,
1229 1904 1309 1966 meis
1317 1906 1421 1966 meme

264 1999 313 2061 ‹lu
325 1999 392 2061 sien
412 2017 532 2081 propre.
555 1998 636 2061 G'eet
660 2000 680 2061 1
703 1998 766 2062 moi
786 1997 888 2080 plutbt
909 1996 949 2059 de
969 2015 1047 2061 vous
1061 1997 1228 2061 demunder
1241 2001 1372 2081 pardon3
1389 2008 1421 2063 et

257 2112 392 2159 *comme
402 2096 426 2159 il
438 2096 555 2159 semble
574 2114 636 2178 que
650 2113 726 2159 vous
741 2113 792 2157 me
805 2094 899 2157 l’nvez
915 2094 1042 2157 necorde
1060 2114 1254 2177 pararense,
1265 2101 1300 2179 je
1314 2100 1420 2165 toene-

260 2196 315 2259 .rei
335 2195 373 2258 de
386 2200 456 2257 tout
473 2212 547 2258 mon
560 2194 690 2275 pouvoir
709 2193 747 2256 de
767 2196 960 2257 reoonneltre
979 2198 1060 2257 eette
1078 2194 1185 2275 boote,
1203 2194 1273 2257 d’en
1293 2196 1420 2261 meriter

248 2294 363 2357 ..l’ellet
376 2298 408 2355 et
420 2291 459 2355 de
468 2309 519 2353 me
529 2308 694 2355 conserver
704 2291 848 2371 touj0urs
860 2288 1026 2353 l¹bonneur
1038 2290 1077 2353 de
1091 2298 1178 2354 notre
1188 2292 1308 2375 emine,
1325 2295 1419 2377 qu’on

267 2389 335 2452 doit
354 2388 480 2451 estimer
501 2386 643 2451 d’eutent
662 2386 731 2469 plus
753 2386 913 2469 preeieuse
926 2385 1038 2468 qu'elle
1051 2405 1129 2451 vous
1143 2388 1200 2451 leit
1212 2389 1280 2470 egir
1292 2391 1419 2457 suivant

264 2483 325 2549 des
338 2486 450 2549 sentim
455 2491 523 2549 ents
537 2484 565 2548 ei
579 2484 734 2548 ehretiens
747 2490 778 2547 et
794 2484 822 2547 si
833 2484 963 2547 releves.

308 2588 325 2647 J
329 2585 628 2651 eneeoureisluisser
634 2590 823 2665 passereette
833 2584 1418 2671 oeensionsansvonsentretenirblon·

267 2683 563 2765 sieur‚dequelques
571 2681 771 2745 meditatione
778 2702 839 2765 que
851 2683 908 2763 J'ei
919 2702 994 2746 oues
1002 2684 1113 2764 depuis
1126 2704 1187 2768 qne
1195 2688 1229 2768 je
1238 2687 1300 2750 n'ui
1308 2706 1364 2769 pes
1378 2706 1418 2751 eu

266 2781 433 2845 l'honneur
446 2781 485 2842 de
495 2797 573 2842 vous
588 2779 665 2842 voir.
681 2781 777 2842 lintre
787 2785 891 2842 autres
902 2780 960 2860 j’ai
982 2780 1042 2842 luit
1053 2783 1192 2860 quontite
1206 2785 1244 2846 de
1255 2786 1418 2849 reflexione

265 2883 307 2944 de
315 2875 564 2960 jurisprudenee,
587 2883 620 2938 et
639 2875 663 2936 il
681 2892 733 2938 me
746 2875 864 2939 semble
874 2876 969 2956 qu'on
987 2877 1156 2957 ypourrnit
1166 2879 1277 2940 etoblir
1285 2881 1419 2963 quelque
1453 2956 1458 2964 ,

263 2978 362 3041 chose
377 2974 416 3038 de
429 2973 526 3037 solide
541 2979 573 3034 et
593 2970 715 3052 d’utile‚
731 2978 800 3034 tunt
819 2991 898 3054 pour
915 2972 1003 3034 avoir
1020 2991 1065 3034 un
1077 2971 1159 3034 droit
1171 2974 1300 3052 certain,
1315 2995 1351 3040 ee
1363 2956 1437 3059 qui‘

267 3090 349 3138 noue
363 3088 497 3152 menque
506 3069 567 3132 fort
580 3087 620 3130 en
632 3066 813 3148 Allemagne
826 3074 857 3131 et
870 3071 1027 3150 pent-etre
1039 3087 1148 3132 encore
1157 3088 1197 3132 en
1218 3073 1347 3153 Franco,
1358 3093 1419 3156 que

267 3169 466 3256 poureteblir
479 3185 540 3230 une
555 3165 654 3230 forme
666 3165 705 3228 de
714 3167 820 3246 proees
833 3172 939 3228 eourte
949 3171 980 3226 et
991 3165 1105 3228 bonne.
1118 3166 1160 3227 Or
1172 3165 1197 3226 il
1210 3185 1250 3229 ne
1263 3168 1350 3232 suffit
1364 3190 1418 3252 pes

267 3269 365 3332 d'etre
384 3267 550 3348 rigoureux
566 3281 604 3326 en
625 3269 739 3325 termes
763 3279 804 3326 ou
816 3263 905 3344 joure
919 3261 1050 3344 prefixes
1063 3268 1096 3324 et
1108 3269 1213 3326 autres
1232 3265 1418 3351 munitione,

267 3378 392 3428 comme
404 3363 472 3426 lent
484 3379 561 3426 ceux
575 3359 630 3442 qui
643 3365 698 3422 ont
716 3359 847 3442 compile
862 3359 893 3422 le
912 3359 994 3422 Cede
1005 3359 1116 3433 Louis3
1138 3377 1191 3422 eor
1208 3360 1247 3424 de
1261 3362 1336 3425 faire
1349 3381 1420 3428 eou-

267 3470 344 3526 vent
358 3461 465 3544 pondre
476 3477 539 3523 une
554 3459 656 3523 bonne
672 3477 764 3522 conse
775 3477 854 3541 pour
867 3457 923 3522 des
937 3456 1122 3539 lormrlitee,
1132 3458 1209 3522 o’est
1221 3478 1266 3522 un
1280 3463 1419 3545 rembde,

259 3581 309 3626 -en
318 3561 445 3643 justine,
460 3556 629 3622 semblable
642 3558 661 3620 1
675 3555 755 3620 eelui
769 3557 843 3620 d’un
853 3556 1034 3637 chirurgien
1047 3555 1102 3638 qui
1113 3557 1271 3639 comperuit
1287 3571 1419 3625 souvent

268 3663 341 3725 bras
364 3665 396 3722 et
413 3657 547 3739 jamnes.
572 3656 619 3718 On
639 3655 686 3720 dit
703 3673 763 3738 que
782 3654 812 3718 le
831 3655 877 3718 roi
896 3652 1121 3718 leittravuiller
1135 3654 1174 3716 de
1186 3673 1329 3719 nouvenu
1350 3658 1370 3718 b
1388 3659 1419 3719 le

269 3760 402 3822 reformo
423 3757 461 3820 de
474 3756 505 3820 le
519 3753 661 3828 thionne,
683 3761 714 3816 et
732 3756 765 3832 je
779 3753 859 3816 orois
877 3753 972 3832 qu’on
985 3750 1051 3814 lero
1069 3749 1203 3831 quelque
1216 3751 1311 3816 chose
1326 3752 1418 3815 d'im-

267 3861 464 4017 Ροῖξίῃεοιῑὲθὶ
479 3951 527 4012 111
542 3947 669 4011 ourieux
684 3963 722 4008 en
737 3943 865 4008 mutiero
879 3946 919 4009 de
929 3945 1032 4008 mines
1042 3993 1052 4026 ‚
1064 3947 1084 4008 b
1094 3944 1260 4009 l'ooeusion
1273 3946 1313 4010 de
1326 3945 1417 4011 celles

256 4053 311 4115 aee
320 4056 408 4114 notre
417 4067 505 4132 pays,
518 4049 559 4110 ou
568 4047 601 4128 je
610 4044 677 4106 suis
691 4043 750 4107 ulle
759 4049 891 4107 souvent
903 4061 958 4125 par
968 4042 1241 4125 ordressduprinee3
1257 4049 1289 4107 et
1293 4044 1417 4126 jeorois

268 4146 389 4212 (l'avoir
399 4146 456 4211 rsit
463 4143 611 4226 quelques
619 4143 818 4206 deeouvertes
829 4160 883 4205 eur
893 4142 925 4205 la
937 4142 1130 4223 generatim,
1139 4161 1204 4206 non
1213 4161 1269 4224 pue
1281 4149 1350 4206 tent
1361 4144 1416 4208 dee

272 4248 414 4325 metuux,
428 4259 490 4326 qne
499 4241 538 4304 de
547 4246 628 4305 eette
641 4240 739 4303 lorme
748 4241 788 4302 ob
799 4239 839 4302 ils
851 4258 885 4302 se
894 4245 1051 4317 trouvent,
1067 4245 1098 4300 et
1111 4238 1151 4301 de
1164 4240 1312 4323 quelques
1327 4259 1416 4325 corpe

265 4347 313 4407 ob
327 4343 367 4406 ils
389 4349 460 4405 sont
473 4342 618 4421 engeger;
641 4355 695 4420 per
717 4338 855 4420 exemplo
866 4339 900 4420 je
913 4337 984 4420 puis
997 4338 1174 4401 demontrer
1186 4338 1217 4402 ls
1228 4338 1364 4404 muniere
1377 4340 1417 4403 de

269 4441 304 4504 ln
314 4438 495 4520 generation
512 4435 551 4500 de
561 4434 715 4500 l'ordoise.

310 4539 407 4602 Ontre
416 4537 668 4619 oelej'aiumeeee
684 4553 758 4602 sous
770 4535 855 4600 moin
863 4533 918 4602 dee
925 4535 1091 4603 memoiree
1101 4541 1132 4601 et
1139 4536 1194 4602 des
1201 4537 1416 4605 titreseonoer·
